@inproceedings{COM_ARCH_PROG_LANG,
  author = "Mario Schaffner",
  title = "A COMPUTER ARCHITECTURE AND ITS PROGRAMMING LANGUAGE",
  year = "2014",
}